@book{Winters2020,
  author    = {Winters, Titus and Manshreck, Tom and Wright, Hyrum},
  isbn      = {9781492082798},
  keywords  = {software development},
  publisher = {O'Reilly Media, Inc.},
  title     = {Software engineering at Google :  lessons learned from programming over time},
  type      = {book},
  month     = 3,
  year      = {2020}
}

